
@misc{Smith:2018,
  author = {Peter Smith},
  title = {Category Theory: A Gentle Introduction},
  year = {2016},
  month = {February},
  url = {https://www.logicmatters.net/resources/pdfs/GentleIntro.pdf},
  note = {Accessed: 2018-07-28}
}

@book{Awodey:2010,
 author = {Awodey, Steve},
 title = {Category Theory},
 year = {2010},
 isbn = {0199237182, 9780199237180},
 edition = {2nd},
 publisher = {Oxford University Press, Inc.},
 address = {New York, NY, USA},
}

@misc{AgdaDocs,
 key = {Agda online documentation},
 url = {https://agda.readthedocs.io/en/v2.5.4.1/},
 note = {Accessed: 2018-07-27},
}

@misc{AgdaSource,
 key = {Agda source code repository},
 url = {https://github.com/agda/agda},
 note = {Accessed: 2018-07-27},
}

@misc{AgdaPrelude,
 key = {Agda prelude library},
 url = {https://github.com/UlfNorell/agda-prelude},
 note = {Accessed: 2018-05-24},
}

@misc{AgdaCubical,
 key = {Agda cubical library},
 url = {https://github.com/Saizan/cubical-demo},
 note = {Accessed: 2018-04-08},
}

@misc{MortbergCTT,
 title={Standalone implementation of Cubical Type Theory},
 author={M{\"o}rtberg, Anders},
 url={https://github.com/mortberg/cubicaltt},
 note={Accessed: 2018-03-18},
}



@incollection{IntroTT,
  title={Introduction to type theory},
  author={Geuvers, Herman},
  booktitle={Language Engineering and Rigorous Software Development},
  pages={1--56},
  year={2009},
  publisher={Springer},
  address={Berlin, Heidelberg}
}

@article{PittsNotes,
  title={Brief Notes on the Category Theoretic Semantics of Simply Typed Lambda Calculus},
  author={Pitts, Andrew},
  url={https://www.cl.cam.ac.uk/teaching/1617/L108/catl-notes.pdf},
  note={Accessed: 2018-06-06}
}

@misc{Selinger:Lambda,
  title={Lecture notes on the lambda calculus},
  author={Selinger, Peter},
  archivePrefix={arXiv},
  note = {arXiv:0804.3434},
  year={2008},
  month={April},
}

@misc{Dunfield:Bidi,
  author = {{Dunfield}, J. and {Krishnaswami}, N.~R.},
  title = "{Sound and Complete Bidirectional Typechecking for Higher-Rank Polymorphism with Existentials and Indexed Types}",
  archivePrefix={arXiv},
  note = {arXiv:1601.05106},
  year={2016},
  month={January},
}


@Comment Introduction

@article{kamareddine2002,
author = "Kamareddine, Fairouz and Laan, Twan and Nederpelt, Rob",
doi = "10.2178/bsl/1182353871",
fjournal = "Bulletin of Symbolic Logic",
journal = "Bull. Symbolic Logic",
month = "06",
number = "2",
pages = "185--245",
publisher = "Association for Symbolic Logic",
title = "Types in Logic and Mathematics before 1940",
url = "https://doi.org/10.2178/bsl/1182353871",
volume = "8",
year = "2002"
}


@misc{ConstableManuscript,
	title = {The Triumph of Types: Principia Mathematica's Impact on Computer Science},
	author = {Robert L. Constable},
  url = {http://hdl.handle.net/1813/28696},
  note = {Accessed: 2018-07-28}
}

@article{LandryMarquis,
author = {Landry, Elaine and Marquis, Jean-Pierre},
title = {Categories in Context: Historical, Foundational, and Philosophical},
journal = {Philosophia Mathematica},
volume = {13},
number = {1},
pages = {1-43},
year = {2005},
doi = {10.1093/philmat/nki005},
URL = {http://dx.doi.org/10.1093/philmat/nki005},
eprint = {/oup/backfile/content_public/journal/philmat/13/1/10.1093/philmat/nki005/2/nki005.pdf}
}

@misc{Trinity,
author = {Micheal Shulman},
title = {Homotopical trinitarianism: A perspective on homotopy type theory},
year = {2018},
institution = {University of San Diego},
howpublished = {Talk},
url = {https://home.sandiego.edu/~shulman/papers/trinity.pdf},
note = {Accessed: 2018-07-28}
}

@Book{HoTTBook,
  author =    {The {Univalent Foundations Program}},
  title =     {Homotopy Type Theory: Univalent Foundations of Mathematics},
  publisher = {\url{https://homotopytypetheory.org/book}},
  address =   {Institute for Advanced Study},
  year =      {2013}
}

@article{CubicalTT,
  title={Cubical type theory: a constructive interpretation of the univalence axiom},
  author={Cohen, Cyril and Coquand, Thierry and Huber, Simon and M{\"o}rtberg, Anders},
  journal={arXiv preprint arXiv:1611.02108},
  year={2016}
}

@misc{ShulmanCTT,
  author = {Michael Shulman},
  year   = {2018},
  url    = {https://homotopytypetheory.org/2017/09/16/a-hands-on-introduction-to-cubicaltt/#comment-108334},
  note   = {Comment on blogpost. Accessed: 2018-07-29}
}

@article{CardoneHistory,
  title={History of lambda-calculus and combinatory logic},
  author={Cardone, Felice and Hindley, J Roger},
  journal={Handbook of the History of Logic},
  volume={5},
  pages={723--817},
  year={2006},
  publisher={Elsevier, Amsterdam, to appear}
}

@article{Abel:Norm,
title = "Normalization for the Simply-Typed Lambda-Calculus in Twelf",
journal = "Electronic Notes in Theoretical Computer Science",
volume = "199",
pages = "3 - 16",
year = "2008",
note = "Proceedings of the Fourth International Workshop on Logical Frameworks and Meta-Languages (LFM 2004)",
issn = "1571-0661",
doi = "https://doi.org/10.1016/j.entcs.2007.11.009",
url = "http://www.sciencedirect.com/science/article/pii/S1571066108000753",
author = "Andreas Abel",
keywords = "Edinburgh Logical Framework, HOAS, Mechanized Proof, Normalization, Twelf"
}

@phdthesis{Schuermann:Beta,
  title={Automating the meta theory of deductive systems},
  author={Sch{\"u}rmann, Carsten},
  year={2000},
  isbn = {0-599-93994-X},
  institution={Carnegie Mellon University Pittsburgh},
  address = {Pittsburgh, PA, USA},
}

@incollection{Sestoft:Reduction,
  title={Demonstrating lambda calculus reduction},
  author={Sestoft, Peter},
  booktitle={The essence of computation},
  pages={420--435},
  year={2002},
  publisher={Springer}
}


@Comment Only referenced

@inproceedings{CIC,
 author = {Coquand, Thierry and Paulin, Christine},
 title = {Inductively Defined Types},
 booktitle = {Proceedings of the International Conference on Computer Logic},
 series = {COLOG '88},
 year = {1990},
 isbn = {3-540-52335-9},
 pages = {50--66},
 numpages = {17},
 url = {http://dl.acm.org/citation.cfm?id=646125.758641},
 acmid = {758641},
 publisher = {Springer},
 address = {London, UK, UK},
}

@article{ITT,
  title={An intuitionistic theory of types},
  author={Martin-L{\"o}f, Per},
  journal={Twenty-five years of constructive type theory},
  volume={36},
  pages={127--172},
  year={1998},
  publisher={Oxford University Press}
}

@Comment nlab references
@misc{nlab:dependent_type,
  author = {{nLab authors}},
  title = {dependent type},
  howpublished = {\url{http://ncatlab.org/nlab/show/dependent%20type}},
  note = {\href{http://ncatlab.org/nlab/revision/dependent%20type/15}{Revision 15}. Accessed: 2018-08-04},
  month = aug,
  year = 2018
}

@misc{nlab:normal_form,
  author = {{nLab authors}},
  title = {normal form},
  howpublished = {\url{http://ncatlab.org/nlab/show/normal%20form}},
  note = {\href{http://ncatlab.org/nlab/revision/normal%20form/2}{Revision 2}. Accessed: 2018-08-04},
  month = aug,
  year = 2018
}

@misc{nlab:database_of_categories,
  author = {{nLab authors}},
  title = {database of categories},
  howpublished = {\url{http://ncatlab.org/nlab/show/database%20of%20categories}},
  note = {\href{http://ncatlab.org/nlab/revision/database%20of%20categories/27}{Revision 27}. Accessed: 2018-08-13},
  month = aug,
  year = 2018
}

@Comment programming references
@inproceedings{Monads,
  title={Monads for functional programming},
  author={Wadler, Philip},
  booktitle={International School on Advanced Functional Programming},
  pages={24--52},
  year={1995},
  organization={Springer},
  address={Berlin, Heidelberg},
  url={http://homepages.inf.ed.ac.uk/wadler/papers/marktoberdorf/baastad.pdf},
  note={Accessed: 2018-08-05},
}

